@Book{aa,
author = {Tohyama, Mikio},
ALTeditor = {Wakayama, Masato},
title = {Waveform Analysis of Sound},
publisher = {Springer},
year = {2015}
},

@Misc{ab,
author = {Eric Jones and Travis Oliphant and Pearu Peterson and others},
title =  {{SciPy}: Open source scientific tools for {Python}},
year =   {2017},
url = "http://www.scipy.org/",
}

@Misc{ac,
author = {Mc Squared System Design Group, Inc},
title = {Reverberation Time Demonstration},
year = {2017},
url = "http://www.mcsquared.com/reverb.htm",
}